<?xml version="1.0" encoding="UTF-8"?><searchRetrieveResponse xmlns:xsd="http://www.w3.org/2001/XMLSchema" xmlns:xsi="http://www.w3.org/2001/XMLSchema-instance" xmlns="http://www.loc.gov/zing/srw/" xsi:schemaLocation="http://www.loc.gov/zing/srw/ http://www.loc.gov/standards/sru/sru1-1archive/xml-files/srw-types.xsd"><version xsi:type="xsd:string">1.1</version><numberOfRecords xsi:type="xsd:nonNegativeInteger">1</numberOfRecords><resultSetIdleTime xsi:type="xsd:positiveInteger">1</resultSetIdleTime><records xmlns:ns1="http://www.loc.gov/zing/srw/" xsi:type="ns1:recordsType"><record xsi:type="ns1:recordType"><recordSchema xsi:type="xsd:string">http://viaf.org/VIAFCluster</recordSchema><recordPacking xsi:type="xsd:string">xml</recordPacking><recordData xsi:type="ns1:stringOrXmlFragment"><ns2:VIAFCluster xmlns="http://viaf.org/viaf/terms#" xmlns:foaf="http://xmlns.com/foaf/0.1/" xmlns:owl="http://www.w3.org/2002/07/owl#" xmlns:rdf="http://www.w3.org/1999/02/22-rdf-syntax-ns#" xmlns:void="http://rdfs.org/ns/void#" xmlns:ns2="http://viaf.org/viaf/terms#"><ns2:viafID>21058435</ns2:viafID><ns2:Document about="http://viaf.org/viaf/21058435/"><ns2:inDataset resource="http://viaf.org/viaf/data"/><ns2:primaryTopic resource="http://viaf.org/viaf/21058435"/></ns2:Document><ns2:nameType>Personal</ns2:nameType><ns2:sources><ns2:source nsid="vtls001097264">EGAXA|vtls001097264</ns2:source><ns2:source nsid="n83146885">LC|n  83146885</ns2:source><ns2:source nsid="http://d-nb.info/gnd/1072505339">DNB|1072505339</ns2:source><ns2:source nsid="201037459">SUDOC|201037459</ns2:source><ns2:source nsid="0000000071433111">ISNI|0000000071433111</ns2:source><ns2:source nsid="http://catalogue.bnf.fr/ark:/12148/cb145146519">BNF|14514651</ns2:source></ns2:sources><ns2:length>418</ns2:length><ns2:mainHeadings><ns2:data><ns2:text>Dakhil, Sulayman ibn Salih al- 1874?-1944</ns2:text><ns2:sources><ns2:s>ISNI</ns2:s><ns2:sid>ISNI|0000000071433111</ns2:sid><ns2:s>BNF</ns2:s><ns2:sid>BNF|14514651</ns2:sid></ns2:sources></ns2:data><ns2:data><ns2:text>Dakhīl, Sulaymān ibn Ṣāliḥ, 1877-1945</ns2:text><ns2:sources><ns2:s>LC</ns2:s><ns2:sid>LC|n  83146885</ns2:sid></ns2:sources></ns2:data><ns2:data><ns2:text>Daẖīl, Sulaymān ibn Ṣāliḥ al-, 1874-1944</ns2:text><ns2:sources><ns2:s>SUDOC</ns2:s><ns2:sid>SUDOC|201037459</ns2:sid></ns2:sources></ns2:data><ns2:data><ns2:text>Daḫīl, Sulaimān Ibn-Ṣāliḥ &#x98;ad-&#x9c; 1877-1945</ns2:text><ns2:sources><ns2:s>DNB</ns2:s><ns2:sid>DNB|1072505339</ns2:sid></ns2:sources></ns2:data><ns2:data><ns2:text>الدخيل، سليمان، 1877-1945</ns2:text><ns2:sources><ns2:s>EGAXA</ns2:s><ns2:sid>EGAXA|vtls001097264</ns2:sid></ns2:sources></ns2:data><ns2:mainHeadingEl><ns2:datafield dtype="MARC21" ind1="1" ind2=" " tag="100"><ns2:subfield code="a">Daḫīl, Sulaimān Ibn-Ṣāliḥ &#x98;ad-&#x9c;</ns2:subfield><ns2:subfield code="d">1877-1945</ns2:subfield></ns2:datafield><ns2:sources><ns2:s>DNB</ns2:s><ns2:sid>DNB|1072505339</ns2:sid></ns2:sources><ns2:id>DNB|1072505339</ns2:id><ns2:links><ns2:link><ns2:match type="double date"/>LC|n  83146885</ns2:link><ns2:link><ns2:match type="double date"/>EGAXA|vtls001097264</ns2:link><ns2:link><ns2:match type="double date"/>ISNI|0000000071433111</ns2:link><ns2:link><ns2:match type="double date"/>ISNI|0000000071433111</ns2:link><ns2:link><ns2:match type="double date"/>ISNI|0000000071433111</ns2:link><ns2:link><ns2:match type="double date"/>ISNI|0000000071433111</ns2:link></ns2:links></ns2:mainHeadingEl><ns2:mainHeadingEl><ns2:datafield dtype="MARC21" ind1="1" ind2=" " tag="100"><ns2:subfield code="a">Daẖīl, Sulaymān ibn Ṣāliḥ al-,</ns2:subfield><ns2:subfield code="d">1874-1944</ns2:subfield></ns2:datafield><ns2:sources><ns2:s>SUDOC</ns2:s><ns2:sid>SUDOC|201037459</ns2:sid></ns2:sources><ns2:id>SUDOC|201037459</ns2:id><ns2:links><ns2:link><ns2:match type="double date"/>ISNI|0000000071433111</ns2:link><ns2:link><ns2:match type="double date"/>ISNI|0000000071433111</ns2:link><ns2:link><ns2:match type="double date"/>ISNI|0000000071433111</ns2:link><ns2:link><ns2:match type="double date"/>ISNI|0000000071433111</ns2:link><ns2:link><ns2:match type="exact title"/>BNF|14514651</ns2:link></ns2:links></ns2:mainHeadingEl><ns2:mainHeadingEl><ns2:datafield dtype="UNIMARC" ind1=" " ind2="|" tag="200"><ns2:subfield code="7">ba0yba0y</ns2:subfield><ns2:subfield code="8">fre</ns2:subfield><ns2:subfield code="9">1</ns2:subfield><ns2:subfield code="a">Dakhil</ns2:subfield><ns2:subfield code="b">Sulayman ibn Salih al-</ns2:subfield><ns2:subfield code="f">1874?-1944</ns2:subfield></ns2:datafield><ns2:sources><ns2:s>BNF</ns2:s><ns2:sid>BNF|14514651</ns2:sid></ns2:sources><ns2:id>BNF|14514651</ns2:id><ns2:links><ns2:link><ns2:match type="title"/>LC|n  83146885</ns2:link><ns2:link><ns2:match type="forced single date"/>ISNI|0000000071433111</ns2:link><ns2:link><ns2:match type="forced single date"/>ISNI|0000000071433111</ns2:link><ns2:link><ns2:match type="forced single date"/>ISNI|0000000071433111</ns2:link><ns2:link><ns2:match type="forced single date"/>ISNI|0000000071433111</ns2:link><ns2:link><ns2:match type="exact title"/>SUDOC|201037459</ns2:link></ns2:links></ns2:mainHeadingEl><ns2:mainHeadingEl><ns2:datafield dtype="MARC21" ind1="1" ind2=" " tag="100"><ns2:subfield code="a">Dakhil, Sulayman ibn Salih al-</ns2:subfield><ns2:subfield code="d">1874?-1944</ns2:subfield></ns2:datafield><ns2:sources><ns2:s>ISNI</ns2:s><ns2:sid>ISNI|0000000071433111</ns2:sid></ns2:sources><ns2:id>ISNI|0000000071433111</ns2:id><ns2:links><ns2:link><ns2:match type="double date"/>LC|n  83146885</ns2:link><ns2:link><ns2:match type="double date"/>EGAXA|vtls001097264</ns2:link><ns2:link><ns2:match type="partial date and publisher"/>BNF|14514651</ns2:link><ns2:link><ns2:match type="double date"/>SUDOC|201037459</ns2:link><ns2:link><ns2:match type="double date"/>DNB|1072505339</ns2:link></ns2:links></ns2:mainHeadingEl><ns2:mainHeadingEl><ns2:datafield dtype="MARC21" ind1="1" ind2=" " tag="100"><ns2:subfield code="a">Dakhīl, Sulaymān ibn Ṣāliḥ,</ns2:subfield><ns2:subfield code="d">1877-1945</ns2:subfield></ns2:datafield><ns2:sources><ns2:s>LC</ns2:s><ns2:sid>LC|n  83146885</ns2:sid></ns2:sources><ns2:id>LC|n  83146885</ns2:id><ns2:links><ns2:link><ns2:match type="double date"/>EGAXA|vtls001097264</ns2:link><ns2:link><ns2:match type="title"/>BNF|14514651</ns2:link><ns2:link><ns2:match type="double date"/>ISNI|0000000071433111</ns2:link><ns2:link><ns2:match type="double date"/>ISNI|0000000071433111</ns2:link><ns2:link><ns2:match type="double date"/>ISNI|0000000071433111</ns2:link><ns2:link><ns2:match type="double date"/>ISNI|0000000071433111</ns2:link><ns2:link><ns2:match type="double date"/>DNB|1072505339</ns2:link></ns2:links></ns2:mainHeadingEl><ns2:mainHeadingEl><ns2:datafield dtype="MARC21" ind1="1" ind2=" " tag="100"><ns2:subfield code="a">الدخيل، سليمان،</ns2:subfield><ns2:subfield code="d">1877-1945</ns2:subfield></ns2:datafield><ns2:sources><ns2:s>EGAXA</ns2:s><ns2:sid>EGAXA|vtls001097264</ns2:sid></ns2:sources><ns2:id>EGAXA|vtls001097264</ns2:id><ns2:links><ns2:link><ns2:match type="double date"/>LC|n  83146885</ns2:link><ns2:link><ns2:match type="double date"/>DNB|1072505339</ns2:link><ns2:link><ns2:match type="double date"/>ISNI|0000000071433111</ns2:link><ns2:link><ns2:match type="double date"/>ISNI|0000000071433111</ns2:link><ns2:link><ns2:match type="double date"/>ISNI|0000000071433111</ns2:link><ns2:link><ns2:match type="double date"/>ISNI|0000000071433111</ns2:link></ns2:links></ns2:mainHeadingEl></ns2:mainHeadings><ns2:fixed><ns2:gender>b</ns2:gender></ns2:fixed><ns2:x400s><ns2:x400><ns2:datafield dtype="MARC21" ind1="1" ind2=" " tag="400"><ns2:subfield code="a">Daẖīl al-Naǧdī, Sulaymān ibn Ṣāliḥ al-</ns2:subfield><ns2:normalized>dahil al nagdi sulayman ibn salih al</ns2:normalized></ns2:datafield><ns2:sources><ns2:s>SUDOC</ns2:s><ns2:sid>SUDOC|201037459</ns2:sid></ns2:sources></ns2:x400><ns2:x400><ns2:datafield dtype="MARC21" ind1=" " ind2="|" tag="400"><ns2:subfield code="a">Daẖīl al-Naǧdī</ns2:subfield><ns2:subfield code="b">Sulaymān ibn Ṣāliḥ al-</ns2:subfield><ns2:subfield code="f">1874?-1944</ns2:subfield><ns2:normalized>dahil al nagdi sulayman ibn salih al 1874 1944</ns2:normalized></ns2:datafield><ns2:sources><ns2:s>BNF</ns2:s><ns2:sid>BNF|14514651</ns2:sid></ns2:sources></ns2:x400><ns2:x400><ns2:datafield dtype="MARC21" ind1=" " ind2="|" tag="700"><ns2:subfield code="a">Daẖīl</ns2:subfield><ns2:subfield code="b">Sulaymān ibn Ṣāliḥ al-</ns2:subfield><ns2:subfield code="f">1874?-1944</ns2:subfield><ns2:normalized>dahil sulayman ibn salih al 1874 1944</ns2:normalized></ns2:datafield><ns2:sources><ns2:s>BNF</ns2:s><ns2:sid>BNF|14514651</ns2:sid></ns2:sources></ns2:x400><ns2:x400><ns2:datafield dtype="MARC21" ind1="1" ind2=" " tag="400"><ns2:subfield code="a">Daẖīl, Sulaymān ibn Ṣāliḥ al-</ns2:subfield><ns2:subfield code="d">1874?-1944</ns2:subfield><ns2:normalized>dahil sulayman ibn salih al 1874 1944</ns2:normalized></ns2:datafield><ns2:sources><ns2:s>ISNI</ns2:s><ns2:sid>ISNI|0000000071433111</ns2:sid></ns2:sources></ns2:x400><ns2:x400><ns2:datafield dtype="MARC21" ind1="1" ind2=" " tag="400"><ns2:subfield code="a">Dakheel, Syliayman bin Salih,</ns2:subfield><ns2:subfield code="d">1877-1945</ns2:subfield><ns2:normalized>dakheel syliayman bin salih 1877 1945</ns2:normalized></ns2:datafield><ns2:sources><ns2:s>LC</ns2:s><ns2:sid>LC|n  83146885</ns2:sid></ns2:sources></ns2:x400><ns2:x400><ns2:datafield dtype="MARC21" ind1="1" ind2=" " tag="400"><ns2:subfield code="a">Dakheel, Syliayman bin Salih</ns2:subfield><ns2:subfield code="d">1877-1945</ns2:subfield><ns2:normalized>dakheel syliayman bin salih 1877 1945</ns2:normalized></ns2:datafield><ns2:sources><ns2:s>ISNI</ns2:s><ns2:sid>ISNI|0000000071433111</ns2:sid></ns2:sources></ns2:x400><ns2:x400><ns2:datafield dtype="MARC21" ind1="1" ind2=" " tag="400"><ns2:subfield code="a">Dakhil, Sulayman ibn Salih al-</ns2:subfield><ns2:normalized>dakhil sulayman ibn salih al</ns2:normalized></ns2:datafield><ns2:sources><ns2:s>SUDOC</ns2:s><ns2:sid>SUDOC|201037459</ns2:sid></ns2:sources></ns2:x400><ns2:x400><ns2:datafield dtype="MARC21" ind1="1" ind2=" " tag="400"><ns2:subfield code="a">Dakhīl, Sulaymān,</ns2:subfield><ns2:subfield code="d">1877-1945</ns2:subfield><ns2:normalized>dakhil sulayman 1877 1945</ns2:normalized></ns2:datafield><ns2:sources><ns2:s>LC</ns2:s><ns2:sid>LC|n  83146885</ns2:sid></ns2:sources></ns2:x400><ns2:x400><ns2:datafield dtype="MARC21" ind1="1" ind2=" " tag="400"><ns2:subfield code="a">Dakhīl, Sulaymān ibn Ṣāliḥ</ns2:subfield><ns2:subfield code="d">1877-1945</ns2:subfield><ns2:normalized>dakhil sulayman ibn salih 1877 1945</ns2:normalized></ns2:datafield><ns2:sources><ns2:s>ISNI</ns2:s><ns2:sid>ISNI|0000000071433111</ns2:sid></ns2:sources></ns2:x400><ns2:x400><ns2:datafield dtype="MARC21" ind1="1" ind2=" " tag="400"><ns2:subfield code="a">Dakhīl, Sulaymān</ns2:subfield><ns2:subfield code="d">1877-1945</ns2:subfield><ns2:normalized>dakhil sulayman 1877 1945</ns2:normalized></ns2:datafield><ns2:sources><ns2:s>ISNI</ns2:s><ns2:sid>ISNI|0000000071433111</ns2:sid></ns2:sources></ns2:x400><ns2:x400><ns2:datafield dtype="MARC21" ind1="1" ind2=" " tag="400"><ns2:subfield code="a">Daẖīl al-Naǧdī, Sulaymān ibn Ṣāliḥ al-</ns2:subfield><ns2:subfield code="d">1874?-1944</ns2:subfield><ns2:normalized>dahil al nagdi sulayman ibn salih al 1874 1944</ns2:normalized></ns2:datafield><ns2:sources><ns2:s>ISNI</ns2:s><ns2:sid>ISNI|0000000071433111</ns2:sid></ns2:sources></ns2:x400><ns2:x400><ns2:datafield dtype="MARC21" ind1="1" ind2=" " tag="400"><ns2:subfield code="a">Daẖīl, Sulaymān ibn Ṣāliḥ al-</ns2:subfield><ns2:subfield code="d">1874?-1944</ns2:subfield><ns2:normalized>dahil sulayman ibn salih al 1874 1944</ns2:normalized></ns2:datafield><ns2:sources><ns2:s>ISNI</ns2:s><ns2:sid>ISNI|0000000071433111</ns2:sid></ns2:sources></ns2:x400><ns2:x400><ns2:datafield dtype="MARC21" ind1="1" ind2=" " tag="400"><ns2:subfield code="a">Dukhayyīl, Sulaymān ibn Ṣāliḥ,</ns2:subfield><ns2:subfield code="d">1877-1945</ns2:subfield><ns2:normalized>dukhayyil sulayman ibn salih 1877 1945</ns2:normalized></ns2:datafield><ns2:sources><ns2:s>LC</ns2:s><ns2:sid>LC|n  83146885</ns2:sid></ns2:sources></ns2:x400><ns2:x400><ns2:datafield dtype="MARC21" ind1="1" ind2=" " tag="400"><ns2:subfield code="a">Naǧdī, Sulaimān Ibn-Sāliḥ ad-Daḫīl &#x98;an-&#x9c;</ns2:subfield><ns2:subfield code="d">1877-1945</ns2:subfield><ns2:normalized>nagdi sulaiman ibn salih ad dahil 1877 1945</ns2:normalized></ns2:datafield><ns2:sources><ns2:s>DNB</ns2:s><ns2:sid>DNB|1072505339</ns2:sid></ns2:sources></ns2:x400><ns2:x400><ns2:datafield dtype="MARC21" ind1="1" ind2=" " tag="400"><ns2:subfield code="a">Naǧdī, Sulaymān ibn Ṣāliḥ al-Daẖīl al-</ns2:subfield><ns2:normalized>nagdi sulayman ibn salih al dahil al</ns2:normalized></ns2:datafield><ns2:sources><ns2:s>SUDOC</ns2:s><ns2:sid>SUDOC|201037459</ns2:sid></ns2:sources></ns2:x400><ns2:x400><ns2:datafield dtype="MARC21" ind1=" " ind2="|" tag="400"><ns2:subfield code="a">Naǧdī</ns2:subfield><ns2:subfield code="b">Sulaymān ibn Ṣāliḥ al-Daẖīl al-</ns2:subfield><ns2:subfield code="f">1874?-1944</ns2:subfield><ns2:normalized>nagdi sulayman ibn salih al dahil al 1874 1944</ns2:normalized></ns2:datafield><ns2:sources><ns2:s>BNF</ns2:s><ns2:sid>BNF|14514651</ns2:sid></ns2:sources></ns2:x400><ns2:x400><ns2:datafield dtype="MARC21" ind1="1" ind2=" " tag="400"><ns2:subfield code="a">Najdī, Sulaymān al-Dakhīl,</ns2:subfield><ns2:subfield code="d">1877-1945</ns2:subfield><ns2:normalized>najdi sulayman al dakhil 1877 1945</ns2:normalized></ns2:datafield><ns2:sources><ns2:s>LC</ns2:s><ns2:sid>LC|n  83146885</ns2:sid></ns2:sources></ns2:x400><ns2:x400><ns2:datafield dtype="MARC21" ind1="1" ind2=" " tag="400"><ns2:subfield code="a">Naǧdī, Sulaimān Ibn-Sāliḥ ad-Daḫīl an-</ns2:subfield><ns2:subfield code="d">1877-1945</ns2:subfield><ns2:normalized>nagdi sulaiman ibn salih ad dahil an 1877 1945</ns2:normalized></ns2:datafield><ns2:sources><ns2:s>ISNI</ns2:s><ns2:sid>ISNI|0000000071433111</ns2:sid></ns2:sources></ns2:x400><ns2:x400><ns2:datafield dtype="MARC21" ind1="1" ind2=" " tag="400"><ns2:subfield code="a">Naǧdī, Sulaymān ibn Ṣāliḥ al-Daẖīl al-</ns2:subfield><ns2:subfield code="d">1874?-1944</ns2:subfield><ns2:normalized>nagdi sulayman ibn salih al dahil al 1874 1944</ns2:normalized></ns2:datafield><ns2:sources><ns2:s>ISNI</ns2:s><ns2:sid>ISNI|0000000071433111</ns2:sid></ns2:sources></ns2:x400><ns2:x400><ns2:datafield dtype="MARC21" ind1="0" ind2=" " tag="400"><ns2:subfield code="a">Sulaymān al-Dakhīl,</ns2:subfield><ns2:subfield code="d">1877-1945</ns2:subfield><ns2:normalized>sulayman al dakhil 1877 1945</ns2:normalized></ns2:datafield><ns2:sources><ns2:s>LC</ns2:s><ns2:sid>LC|n  83146885</ns2:sid></ns2:sources></ns2:x400><ns2:x400><ns2:datafield dtype="MARC21" ind1="1" ind2=" " tag="400"><ns2:subfield code="a">Sulaymān ibn Ṣāliḥ al-Daẖīl al-Naǧdī</ns2:subfield><ns2:normalized>sulayman ibn salih al dahil al nagdi</ns2:normalized></ns2:datafield><ns2:sources><ns2:s>SUDOC</ns2:s><ns2:sid>SUDOC|201037459</ns2:sid></ns2:sources></ns2:x400><ns2:x400><ns2:datafield dtype="MARC21" ind1=" " ind2="|" tag="400"><ns2:subfield code="a">Sulaymān ibn Ṣāliḥ al-Daẖīl al-Naǧdī</ns2:subfield><ns2:subfield code="f">1874?-1944</ns2:subfield><ns2:normalized>sulayman ibn salih al dahil al nagdi 1874 1944</ns2:normalized></ns2:datafield><ns2:sources><ns2:s>BNF</ns2:s><ns2:sid>BNF|14514651</ns2:sid></ns2:sources></ns2:x400><ns2:x400><ns2:datafield dtype="MARC21" ind1="0" ind2=" " tag="400"><ns2:subfield code="a">Sulaymān ibn Ṣāliḥ al-Dakhīl,</ns2:subfield><ns2:subfield code="d">1877-1945</ns2:subfield><ns2:normalized>sulayman ibn salih al dakhil 1877 1945</ns2:normalized></ns2:datafield><ns2:sources><ns2:s>LC</ns2:s><ns2:sid>LC|n  83146885</ns2:sid></ns2:sources></ns2:x400><ns2:x400><ns2:datafield dtype="MARC21" ind1="0" ind2=" " tag="400"><ns2:subfield code="a">Sulaymān ibn Ṣāliḥ al-Dakhīl</ns2:subfield><ns2:subfield code="d">1877-1945</ns2:subfield><ns2:normalized>sulayman ibn salih al dakhil 1877 1945</ns2:normalized></ns2:datafield><ns2:sources><ns2:s>DNB</ns2:s><ns2:sid>DNB|1072505339</ns2:sid></ns2:sources></ns2:x400><ns2:x400><ns2:datafield dtype="MARC21" ind1="0" ind2=" " tag="400"><ns2:subfield code="a">Sulaymān al-Dakhīl</ns2:subfield><ns2:subfield code="d">1877-1945</ns2:subfield><ns2:normalized>sulayman al dakhil 1877 1945</ns2:normalized></ns2:datafield><ns2:sources><ns2:s>ISNI</ns2:s><ns2:sid>ISNI|0000000071433111</ns2:sid></ns2:sources></ns2:x400><ns2:x400><ns2:datafield dtype="MARC21" ind1="0" ind2=" " tag="400"><ns2:subfield code="a">Sulaymān ibn Ṣāliḥ al-Dakhīl</ns2:subfield><ns2:subfield code="d">1877-1945</ns2:subfield><ns2:normalized>sulayman ibn salih al dakhil 1877 1945</ns2:normalized></ns2:datafield><ns2:sources><ns2:s>ISNI</ns2:s><ns2:sid>ISNI|0000000071433111</ns2:sid></ns2:sources></ns2:x400><ns2:x400><ns2:datafield dtype="MARC21" ind1="0" ind2=" " tag="400"><ns2:subfield code="a">Sulaymān ibn Ṣāliḥ al-Daẖīl al-Naǧdī</ns2:subfield><ns2:subfield code="d">1874?-1944</ns2:subfield><ns2:normalized>sulayman ibn salih al dahil al nagdi 1874 1944</ns2:normalized></ns2:datafield><ns2:sources><ns2:s>ISNI</ns2:s><ns2:sid>ISNI|0000000071433111</ns2:sid></ns2:sources></ns2:x400><ns2:x400><ns2:datafield dtype="MARC21" ind1="0" ind2=" " tag="400"><ns2:subfield code="a">Syliayman bin Salih al-Dakheel,</ns2:subfield><ns2:subfield code="d">1877-1945</ns2:subfield><ns2:normalized>syliayman bin salih al dakheel 1877 1945</ns2:normalized></ns2:datafield><ns2:sources><ns2:s>LC</ns2:s><ns2:sid>LC|n  83146885</ns2:sid></ns2:sources></ns2:x400><ns2:x400><ns2:datafield dtype="MARC21" ind1="0" ind2=" " tag="400"><ns2:subfield code="a">Syliayman bin Salih al-Dakheel</ns2:subfield><ns2:subfield code="d">1877-1945</ns2:subfield><ns2:normalized>syliayman bin salih al dakheel 1877 1945</ns2:normalized></ns2:datafield><ns2:sources><ns2:s>ISNI</ns2:s><ns2:sid>ISNI|0000000071433111</ns2:sid></ns2:sources></ns2:x400><ns2:x400><ns2:datafield dtype="MARC21" ind1="1" ind2=" " tag="100"><ns2:subfield code="a">الدخيل, سليمان بن صالح,</ns2:subfield><ns2:subfield code="d">1874-1944</ns2:subfield><ns2:normalized>الدخيل سليمان بن صالح 1874 1944</ns2:normalized></ns2:datafield><ns2:sources><ns2:s>SUDOC</ns2:s><ns2:sid>SUDOC|201037459</ns2:sid></ns2:sources></ns2:x400><ns2:x400><ns2:datafield dtype="MARC21" ind1="1" ind2=" " tag="400"><ns2:subfield code="a">دخيل, سليمان بن صالح</ns2:subfield><ns2:subfield code="d">1877-1945</ns2:subfield><ns2:normalized>دخيل سليمان بن صالح 1877 1945</ns2:normalized></ns2:datafield><ns2:sources><ns2:s>DNB</ns2:s><ns2:sid>DNB|1072505339</ns2:sid><ns2:s>ISNI</ns2:s><ns2:sid>ISNI|0000000071433111</ns2:sid></ns2:sources></ns2:x400><ns2:x400><ns2:datafield dtype="MARC21" ind1="0" ind2=" " tag="400"><ns2:subfield code="a">دخيل، سليمان بن صالح</ns2:subfield><ns2:normalized>دخيل سليمان بن صالح</ns2:normalized></ns2:datafield><ns2:sources><ns2:s>ISNI</ns2:s><ns2:sid>ISNI|0000000071433111</ns2:sid></ns2:sources></ns2:x400><ns2:x400><ns2:datafield dtype="MARC21" ind1="1" ind2=" " tag="400"><ns2:subfield code="a">دخيل، سليمان بن صالح</ns2:subfield><ns2:normalized>دخيل سليمان بن صالح</ns2:normalized></ns2:datafield><ns2:sources><ns2:s>LC</ns2:s><ns2:sid>LC|n  83146885</ns2:sid></ns2:sources></ns2:x400><ns2:x400><ns2:datafield dtype="MARC21" ind1="0" ind2=" " tag="400"><ns2:subfield code="a">دخيل، سليمان بن صالح،</ns2:subfield><ns2:subfield code="d">1877-1945</ns2:subfield><ns2:normalized>دخيل سليمان بن صالح 1877 1945</ns2:normalized></ns2:datafield><ns2:sources><ns2:s>ISNI</ns2:s><ns2:sid>ISNI|0000000071433111</ns2:sid></ns2:sources></ns2:x400><ns2:x400><ns2:datafield dtype="MARC21" ind1="1" ind2=" " tag="400"><ns2:subfield code="a">دخيل، سليمان بن صالح،</ns2:subfield><ns2:subfield code="d">1877-1945</ns2:subfield><ns2:normalized>دخيل سليمان بن صالح 1877 1945</ns2:normalized></ns2:datafield><ns2:sources><ns2:s>LC</ns2:s><ns2:sid>LC|n  83146885</ns2:sid></ns2:sources></ns2:x400><ns2:x400><ns2:datafield dtype="MARC21" ind1="1" ind2=" " tag="400"><ns2:subfield code="a">دخيل، سليمان،</ns2:subfield><ns2:subfield code="d">1877-1945</ns2:subfield><ns2:normalized>دخيل سليمان 1877 1945</ns2:normalized></ns2:datafield><ns2:sources><ns2:s>LC</ns2:s><ns2:sid>LC|n  83146885</ns2:sid></ns2:sources></ns2:x400><ns2:x400><ns2:datafield dtype="MARC21" ind1="0" ind2=" " tag="400"><ns2:subfield code="a">سليمان ابن صالح الدخيل</ns2:subfield><ns2:subfield code="d">1877-1945</ns2:subfield><ns2:normalized>سليمان ابن صالح الدخيل 1877 1945</ns2:normalized></ns2:datafield><ns2:sources><ns2:s>DNB</ns2:s><ns2:sid>DNB|1072505339</ns2:sid><ns2:s>ISNI</ns2:s><ns2:sid>ISNI|0000000071433111</ns2:sid></ns2:sources></ns2:x400><ns2:x400><ns2:datafield dtype="MARC21" ind1="0" ind2=" " tag="400"><ns2:subfield code="a">سليمان الدخيل،</ns2:subfield><ns2:subfield code="d">1877-1945</ns2:subfield><ns2:normalized>سليمان الدخيل 1877 1945</ns2:normalized></ns2:datafield><ns2:sources><ns2:s>LC</ns2:s><ns2:sid>LC|n  83146885</ns2:sid><ns2:s>EGAXA</ns2:s><ns2:sid>EGAXA|vtls001097264</ns2:sid><ns2:s>ISNI</ns2:s><ns2:sid>ISNI|0000000071433111</ns2:sid></ns2:sources></ns2:x400><ns2:x400><ns2:datafield dtype="MARC21" ind1="0" ind2=" " tag="400"><ns2:subfield code="a">سليمان بن صالح الدخيل،</ns2:subfield><ns2:subfield code="d">1877-1945</ns2:subfield><ns2:normalized>سليمان بن صالح الدخيل 1877 1945</ns2:normalized></ns2:datafield><ns2:sources><ns2:s>LC</ns2:s><ns2:sid>LC|n  83146885</ns2:sid></ns2:sources></ns2:x400><ns2:x400><ns2:datafield dtype="MARC21" ind1="1" ind2=" " tag="400"><ns2:subfield code="a">نجدي، سليمان الدخيل،</ns2:subfield><ns2:subfield code="d">1877-1945</ns2:subfield><ns2:normalized>نجدي سليمان الدخيل 1877 1945</ns2:normalized></ns2:datafield><ns2:sources><ns2:s>LC</ns2:s><ns2:sid>LC|n  83146885</ns2:sid></ns2:sources></ns2:x400></ns2:x400s><ns2:coauthors><ns2:data count="3" tag="950"><ns2:text>Naǧm, Mahdī ʿAbd al-Ḥusayn al-</ns2:text><ns2:sources><ns2:s>ISNI</ns2:s><ns2:sid>ISNI|0000000071433111</ns2:sid><ns2:s>BNF</ns2:s><ns2:sid>BNF|14514651</ns2:sid></ns2:sources></ns2:data><ns2:data count="2" tag="950"><ns2:text>النجدي, محمد بن عبد العزيز بن مانع (1883-1965).</ns2:text><ns2:sources><ns2:s>SUDOC</ns2:s><ns2:sid>SUDOC|201037459</ns2:sid></ns2:sources></ns2:data><ns2:data count="2" tag="950"><ns2:text>النجدي, عثمان بن عبد الله بن بشر.</ns2:text><ns2:sources><ns2:s>SUDOC</ns2:s><ns2:sid>SUDOC|201037459</ns2:sid></ns2:sources></ns2:data><ns2:data count="2" tag="950"><ns2:text>الحمداني, طارق نافع.</ns2:text><ns2:sources><ns2:s>SUDOC</ns2:s><ns2:sid>SUDOC|201037459</ns2:sid></ns2:sources></ns2:data><ns2:data count="2" tag="950"><ns2:text>Naǧdī, ʿUṯmān ibn ʿAbd Allâh ibn Bišr al- (1795-1873?).</ns2:text><ns2:sources><ns2:s>SUDOC</ns2:s><ns2:sid>SUDOC|201037459</ns2:sid></ns2:sources></ns2:data><ns2:data count="2" tag="950"><ns2:text>Naǧdī, Muḥammad ibn ʿAbd al-ʿAzīz ibn Māniʿ al- (1883-1965).</ns2:text><ns2:sources><ns2:s>SUDOC</ns2:s><ns2:sid>SUDOC|201037459</ns2:sid></ns2:sources></ns2:data><ns2:data count="2" tag="950"><ns2:text>Ḥamdānī, Ṭāriq Nāfiʻ</ns2:text><ns2:sources><ns2:s>LC</ns2:s><ns2:sid>LC|n  83146885</ns2:sid></ns2:sources></ns2:data><ns2:data count="2" tag="950"><ns2:text>Ḥamadānī, Ṭāriq Nāfiʿ al-.</ns2:text><ns2:sources><ns2:s>SUDOC</ns2:s><ns2:sid>SUDOC|201037459</ns2:sid></ns2:sources></ns2:data><ns2:data count="1" tag="950"><ns2:text>عزب، محمد زينهم محمد.</ns2:text><ns2:sources><ns2:s>EGAXA</ns2:s><ns2:sid>EGAXA|vtls001097264</ns2:sid></ns2:sources></ns2:data><ns2:data count="1" tag="950"><ns2:text>Ḥamadānī, Ṭāriq Nāfiʻ.</ns2:text><ns2:sources><ns2:s>LC</ns2:s><ns2:sid>LC|n  83146885</ns2:sid></ns2:sources></ns2:data></ns2:coauthors><ns2:publishers><ns2:data count="7"><ns2:text>al-Dār al-ʻArabīyah lil-Mawsūʻāt</ns2:text><ns2:sources><ns2:s>LC</ns2:s><ns2:sid>LC|n  83146885</ns2:sid><ns2:s>ISNI</ns2:s><ns2:sid>ISNI|0000000071433111</ns2:sid><ns2:s>BNF</ns2:s><ns2:sid>BNF|14514651</ns2:sid></ns2:sources></ns2:data><ns2:data count="4"><ns2:text>الدار العربية للموسوعات،</ns2:text><ns2:sources><ns2:s>LC</ns2:s><ns2:sid>LC|n  83146885</ns2:sid><ns2:s>ISNI</ns2:s><ns2:sid>ISNI|0000000071433111</ns2:sid></ns2:sources></ns2:data><ns2:data count="2"><ns2:text>دار الافاق العربية،</ns2:text><ns2:sources><ns2:s>EGAXA</ns2:s><ns2:sid>EGAXA|vtls001097264</ns2:sid><ns2:s>ISNI</ns2:s><ns2:sid>ISNI|0000000071433111</ns2:sid></ns2:sources></ns2:data><ns2:data count="2"><ns2:text>Dār al-Warrāq lil-Nashr</ns2:text><ns2:sources><ns2:s>LC</ns2:s><ns2:sid>LC|n  83146885</ns2:sid></ns2:sources></ns2:data><ns2:data count="1"><ns2:text>دار الوراق للنشر،</ns2:text><ns2:sources><ns2:s>LC</ns2:s><ns2:sid>LC|n  83146885</ns2:sid></ns2:sources></ns2:data></ns2:publishers><ns2:birthDate>1877</ns2:birthDate><ns2:deathDate>1945-12-28</ns2:deathDate><ns2:dateType>lived</ns2:dateType><ns2:dates max="201" min="191"><ns2:date count="1" scaled="0.00">191</ns2:date><ns2:date count="0" scaled="0.0">192</ns2:date><ns2:date count="0" scaled="0.0">193</ns2:date><ns2:date count="0" scaled="0.0">194</ns2:date><ns2:date count="0" scaled="0.0">195</ns2:date><ns2:date count="0" scaled="0.0">196</ns2:date><ns2:date count="0" scaled="0.0">197</ns2:date><ns2:date count="4" scaled="2.00">198</ns2:date><ns2:date count="3" scaled="1.58">199</ns2:date><ns2:date count="6" scaled="2.58">200</ns2:date><ns2:date count="4" scaled="2.00">201</ns2:date></ns2:dates><ns2:RecFormats><ns2:data count="6"><ns2:text>am</ns2:text><ns2:sources><ns2:s>LC</ns2:s><ns2:sid>LC|n  83146885</ns2:sid><ns2:s>EGAXA</ns2:s><ns2:sid>EGAXA|vtls001097264</ns2:sid><ns2:s>BNF</ns2:s><ns2:sid>BNF|14514651</ns2:sid><ns2:s>SUDOC</ns2:s><ns2:sid>SUDOC|201037459</ns2:sid></ns2:sources></ns2:data><ns2:data count="2"><ns2:text>dm</ns2:text><ns2:sources><ns2:s>LC</ns2:s><ns2:sid>LC|n  83146885</ns2:sid></ns2:sources></ns2:data></ns2:RecFormats><ns2:RelatorCodes><ns2:data count="1"><ns2:text>070</ns2:text><ns2:sources><ns2:s>BNF</ns2:s><ns2:sid>BNF|14514651</ns2:sid></ns2:sources></ns2:data><ns2:data count="2"><ns2:text>editeur scientifique</ns2:text><ns2:sources><ns2:s>SUDOC</ns2:s><ns2:sid>SUDOC|201037459</ns2:sid></ns2:sources></ns2:data></ns2:RelatorCodes><ns2:ISBNs unique="3"><ns2:data count="2"><ns2:text>9789933521332</ns2:text><ns2:sources><ns2:s>LC</ns2:s><ns2:sid>LC|n  83146885</ns2:sid><ns2:s>SUDOC</ns2:s><ns2:sid>SUDOC|201037459</ns2:sid></ns2:sources></ns2:data><ns2:data count="1"><ns2:text>9789933521387</ns2:text><ns2:sources><ns2:s>LC</ns2:s><ns2:sid>LC|n  83146885</ns2:sid></ns2:sources></ns2:data><ns2:data count="1"><ns2:text>9789773440466</ns2:text><ns2:sources><ns2:s>EGAXA</ns2:s><ns2:sid>EGAXA|vtls001097264</ns2:sid></ns2:sources></ns2:data></ns2:ISBNs><ns2:countries><ns2:data count="4" scaled="2"><ns2:text>LB</ns2:text><ns2:sources><ns2:s>LC</ns2:s><ns2:sid>LC|n  83146885</ns2:sid></ns2:sources></ns2:data><ns2:data count="1" scaled="1"><ns2:text>LR</ns2:text><ns2:sources><ns2:s>BNF</ns2:s><ns2:sid>BNF|14514651</ns2:sid></ns2:sources></ns2:data><ns2:data count="1" scaled="1"><ns2:text>IQ</ns2:text><ns2:sources><ns2:s>SUDOC</ns2:s><ns2:sid>SUDOC|201037459</ns2:sid></ns2:sources></ns2:data><ns2:data count="1" scaled="1"><ns2:text>GB</ns2:text><ns2:sources><ns2:s>SUDOC</ns2:s><ns2:sid>SUDOC|201037459</ns2:sid></ns2:sources></ns2:data><ns2:data count="1" scaled="1"><ns2:text>EG</ns2:text><ns2:sources><ns2:s>EGAXA</ns2:s><ns2:sid>EGAXA|vtls001097264</ns2:sid></ns2:sources></ns2:data></ns2:countries><ns2:languageOfEntity><ns2:data><ns2:text>ara</ns2:text><ns2:sources><ns2:s>LC</ns2:s><ns2:s>BNF</ns2:s></ns2:sources></ns2:data></ns2:languageOfEntity><ns2:nationalityOfEntity><ns2:data><ns2:text>SA</ns2:text><ns2:sources><ns2:s>DNB</ns2:s><ns2:s>ISNI</ns2:s><ns2:s>BNF</ns2:s></ns2:sources></ns2:data><ns2:data><ns2:text>sa</ns2:text><ns2:sources><ns2:s>ISNI</ns2:s></ns2:sources></ns2:data></ns2:nationalityOfEntity><ns2:titles><ns2:work><ns2:sources><ns2:s>SUDOC</ns2:s><ns2:sid>SUDOC|201037459</ns2:sid></ns2:sources><ns2:title>Al-aʿlām</ns2:title></ns2:work><ns2:work><ns2:sources><ns2:s>LC</ns2:s><ns2:sid>LC|n  83146885</ns2:sid><ns2:s>BNF</ns2:s><ns2:sid>BNF|14514651</ns2:sid><ns2:s>SUDOC</ns2:s><ns2:sid>SUDOC|201037459</ns2:sid></ns2:sources><ns2:title>Al-baḥṯ ʿan Aʿrāb Naǧd wa mā yataʿallaq bihim</ns2:title></ns2:work><ns2:work><ns2:sources><ns2:s>SUDOC</ns2:s><ns2:sid>SUDOC|201037459</ns2:sid></ns2:sources><ns2:title>Al-ǧuzʾ al-awwal min Kitāb ʿUnwān al-maǧd fī tārīẖ Naǧd</ns2:title></ns2:work><ns2:work><ns2:sources><ns2:s>LC</ns2:s><ns2:sid>LC|n  83146885</ns2:sid><ns2:s>SUDOC</ns2:s><ns2:sid>SUDOC|201037459</ns2:sid></ns2:sources><ns2:title>al-Qawl al-sadīd fī akhbār imārat Āl al-Rashīd</ns2:title></ns2:work><ns2:work><ns2:sources><ns2:s>LC</ns2:s><ns2:sid>LC|n  83146885</ns2:sid></ns2:sources><ns2:title>al-Ṣuḥufī, al-siyāsī, al-muʼarrikh al-Najdī, Sulaymān ibn Ṣāliḥ al-Dakhīl, 1982:</ns2:title></ns2:work><ns2:work><ns2:sources><ns2:s>LC</ns2:s><ns2:sid>LC|n  83146885</ns2:sid></ns2:sources><ns2:title>Tārīkh Imārāt al-ʻArab fī Jazīrat al-ʻArab, 2015:</ns2:title></ns2:work><ns2:work><ns2:sources><ns2:s>LC</ns2:s><ns2:sid>LC|n  83146885</ns2:sid></ns2:sources><ns2:title>Tuḥfat al-alibbāʼ fī tārīkh al-Aḥsāʼ</ns2:title></ns2:work><ns2:work><ns2:sources><ns2:s>LC</ns2:s><ns2:sid>LC|n  83146885</ns2:sid></ns2:sources><ns2:title>البحث عن أعراب نجد وما يتعلق بهم</ns2:title></ns2:work><ns2:work><ns2:sources><ns2:s>SUDOC</ns2:s><ns2:sid>SUDOC|201037459</ns2:sid></ns2:sources><ns2:title>الجزء الأول من كتاب عنوان المجد في تاريخ نجد</ns2:title></ns2:work><ns2:work><ns2:sources><ns2:s>SUDOC</ns2:s><ns2:sid>SUDOC|201037459</ns2:sid></ns2:sources><ns2:title>القول السديد في أخبار إمارة آل الرشيد</ns2:title></ns2:work><ns2:work><ns2:sources><ns2:s>LC</ns2:s><ns2:sid>LC|n  83146885</ns2:sid></ns2:sources><ns2:title>تاريخ امارات العرب في جزيرة العرب</ns2:title></ns2:work><ns2:work><ns2:sources><ns2:s>LC</ns2:s><ns2:sid>LC|n  83146885</ns2:sid></ns2:sources><ns2:title>تحفة الألباء في تاريخ الأحساء</ns2:title></ns2:work><ns2:work><ns2:sources><ns2:s>EGAXA</ns2:s><ns2:sid>EGAXA|vtls001097264</ns2:sid></ns2:sources><ns2:title>كتاب الفوز بالمراد فى تاريخ بغداد</ns2:title></ns2:work></ns2:titles><ns2:history><ns2:ht recid="LC|n  83146885" time="2013-11-23T21:33:28+00:00" type="add"/><ns2:ht recid="BNF|14514651" time="2013-12-12T18:02:00+00:00" type="add"/><ns2:ht recid="ISNI|0000000071433111" time="2014-05-14T22:19:01+00:00" type="add"/><ns2:ht recid="EGAXA|vtls001097264" time="2015-07-12T18:51:56+00:00" type="add"/><ns2:ht recid="DNB|1072505339" time="2015-07-12T18:51:56+00:00" type="add"/><ns2:ht recid="SUDOC|201037459" time="2017-06-11T03:58:23.233963+00:00" type="add"/></ns2:history><ns2:creationtime>2019-05-05T09:26:46.905071+00:00</ns2:creationtime></ns2:VIAFCluster></recordData><recordPosition xsi:type="xsd:positiveInteger">1</recordPosition></record></records><echoedSearchRetrieveRequest xmlns:ns3="http://www.loc.gov/zing/srw/" xsi:type="ns3:echoedSearchRetrieveRequestType"><version xsi:type="xsd:string">1.1</version><query xsi:type="xsd:string">local.viafID any "21058435"</query><xQuery><ns4:searchClause xmlns:ns4="http://www.loc.gov/zing/cql/xcql/" xsi:type="ns4:searchClauseType"><ns4:index xsi:type="xsd:string">local.viafID</ns4:index><ns4:relation xsi:type="ns4:relationType"><ns4:value xsi:type="xsd:string">any</ns4:value></ns4:relation><ns4:term xsi:type="xsd:string">21058435</ns4:term></ns4:searchClause></xQuery><recordSchema xsi:type="xsd:string">default</recordSchema></echoedSearchRetrieveRequest><extraResponseData xmlns:ns5="http://www.loc.gov/zing/srw/" xsi:type="ns5:extraDataType"><ns6:extraData xmlns="http://oclc.org/srw/extraData" xmlns:ns6="http://oclc.org/srw/extraData"><ns6:databaseTitle>VIAF: The Virtual International Authority File</ns6:databaseTitle></ns6:extraData></extraResponseData></searchRetrieveResponse>